@article{khojasteh2020numerical,
  title={Numerical analysis of shipping water impacting a step structure},
  author={Khojasteh, Danial and Tavakoli, Sasan and Dashtimanesh, Abbas and Dolatshah, Azam and Huang, Luofeng and Glamore, William and Sadat-Noori, Mahmood and Iglesias, Gregorio},
  journal={Ocean Engineering},
  volume={209},
  pages={107517},
  year={2020},
  publisher={Elsevier}
}
@article{huang2021simulation,
  title={Simulation of a ship operating in an open-water ice channel},
  author={Huang, Luofeng and Li, Minghao and Romu, Tuomas and Dolatshah, Azam and Thomas, Giles},
  journal={Ships and Offshore Structures},
  volume={16},
  number={4},
  pages={353--362},
  year={2021},
  publisher={Taylor \& Francis}
}
@article{javanmard2020new,
  title={A new CFD method for determination of translational added mass coefficients of an underwater vehicle},
  author={Javanmard, Ehsan and Mansoorzadeh, Shahriar and Mehr, Javad A},
  journal={Ocean Engineering},
  volume={215},
  pages={107857},
  year={2020},
  publisher={Elsevier}
}
@article{windt2020validation,
  title={Validation of a CFD-based numerical wave tank model for the power production assessment of the wavestar ocean wave energy converter},
  author={Windt, Christian and Davidson, Josh and Ransley, Edward J and Greaves, Deborah and Jakobsen, Morten and Kramer, Morten and Ringwood, John V},
  journal={Renewable Energy},
  volume={146},
  pages={2499--2516},
  year={2020},
  publisher={Elsevier}
}
@article{tavakoli2021wave,
  title={Wave energy attenuation by drifting and non-drifting floating rigid plates},
  author={Tavakoli, Sasan and Babanin, Alexander V},
  journal={Ocean Engineering},
  volume={226},
  pages={108717},
  year={2021},
  publisher={Elsevier}
}
@article{dashtimanesh2020numerical,
  title={Numerical study on a heeled one-stepped boat moving forward in planing regime},
  author={Dashtimanesh, Abbas and Tavakoli, Sasan and Kohansal, Ahmadreza and Khosravani, Reza and Ghassemzadeh, Abbas},
  journal={Applied Ocean Research},
  volume={96},
  pages={102057},
  year={2020},
  publisher={Elsevier}
}
@article{huang2019fluid,
  title={Fluid-structure interaction of a large ice sheet in waves},
  author={Huang, Luofeng and Ren, Kang and Li, Minghao and Tukovi{\'c}, {\v{Z}}eljko and Cardiff, Philip and Thomas, Giles},
  journal={Ocean Engineering},
  volume={182},
  pages={102--111},
  year={2019},
  publisher={Elsevier}
}
@article{pena2019numerical,
  title={Numerical analysis of a leading edge tubercle hydrofoil in turbulent regime},
  author={Pena, Blanca and Muk-Pavic, Ema and Thomas, Giles and Fitzsimmons, Patrick},
  journal={Journal of Fluid Mechanics},
  volume={878},
  pages={292--305},
  year={2019},
  publisher={Cambridge University Press}
}
@article{wu2010summary,
  title={A summary of water entry problem of a wedge based on the fully nonlinear velocity potential theory},
  author={Wu, Guo-Xiong and Xu, Guo-Dong and Duan, Wen-Yang},
  journal={Journal of Hydrodynamics, Ser. B},
  volume={22},
  number={5},
  pages={859--864},
  year={2010},
  publisher={Elsevier}
}
@article{sun2007influence,
  title={The influence of gravity on the performance of planing vessels in calm water},
  author={Sun, Hui and Faltinsen, Odd M},
  journal={Journal of Engineering Mathematics},
  volume={58},
  number={1},
  pages={91--107},
  year={2007},
  publisher={Springer}
}
@article{zhao1993water,
  title={Water entry of two-dimensional bodies},
  author={Zhao, Rong and Faltinsen, Odd},
  journal={Journal of fluid mechanics},
  volume={246},
  pages={593--612},
  year={1993},
  publisher={Cambridge University Press}
}
@article{gekle2010supersonic,
  title={Supersonic air flow due to solid-liquid impact},
  author={Gekle, Stephan and Peters, Ivo R and Gordillo, Jos{\'e} Manuel and van der Meer, Devaraj and Lohse, Detlef},
  journal={Physical review letters},
  volume={104},
  number={2},
  pages={024501},
  year={2010},
  publisher={APS}
}
@article{truscott2014water,
  title={Water entry of projectiles},
  author={Truscott, Tadd T and Epps, Brenden P and Belden, Jesse},
  journal={Annual review of fluid mechanics},
  volume={46},
  pages={355--378},
  year={2014},
  publisher={Annual Reviews}
}
@phdthesis{齐亚飞2016弹体高速入水弹道稳定及空泡特性研究,
  title={弹体高速入水弹道稳定及空泡特性研究},
  author={齐亚飞},
  year={2016},
  school={哈尔滨: 哈尔滨工业大学}
}
@article{何春涛2012典型运动体入水过程多相流动特性研究,
  title={典型运动体入水过程多相流动特性研究},
  author={何春涛},
  journal={博士论文]. 哈尔滨工业大学},
  year={2012}
}
@article{马庆鹏2014锥头圆柱体高速入水空泡深闭合数值模拟研究,
  title={锥头圆柱体高速入水空泡深闭合数值模拟研究},
  author={马庆鹏 and 魏英杰 and 王聪 and 曹伟 and 陈超倩},
  journal={兵工学报},
  volume={35},
  number={9},
  pages={1451},
  year={2014}
}
@article{王聪2012空气压强对垂直入水空泡影响的数值研究,
  title={空气压强对垂直入水空泡影响的数值研究},
  author={王聪 and 何春涛 and 权晓波 and 魏英杰},
  journal={哈尔滨工业大学学报},
  volume={44},
  number={5},
  pages={14--19},
  year={2012}
}
@article{曹伟2012自然超空泡航行体弹道稳定性分析,
  title={自然超空泡航行体弹道稳定性分析},
  author={曹伟 and 魏英杰 and 韩万金 and 王聪},
  journal={哈尔滨工业大学学报},
  volume={44},
  number={1},
  pages={26--30},
  year={2012}
}
@article{guo2012investigation,
  title={An investigation into horizontal water entry behaviors of projectiles with different nose shapes},
  author={Guo, Zitao and Zhang, Wei and Xiao, Xinke and Wei, Gang and Ren, Peng},
  journal={International Journal of Impact Engineering},
  volume={49},
  pages={43--60},
  year={2012},
  publisher={Elsevier}
}
@article{guo2012experimental,
  title={Experimental and theoretical study on the high-speed horizontal water entry behaviors of cylindrical projectiles},
  author={Guo, Zi-tao and Zhang, Wei and Wang, Cong},
  journal={Journal of Hydrodynamics},
  volume={24},
  number={2},
  pages={217--225},
  year={2012},
  publisher={Springer}
}
@article{张伟2011弹体高速入水特性实验研究,
  title={弹体高速入水特性实验研究},
  author={张伟 and 郭子涛 and 肖新科 and 王聪},
  journal={爆炸与冲击},
  volume={31},
  number={6},
  pages={579--584},
  year={2011}
}
@phdthesis{金大桥2010水下动能射弹空泡形态及流体动力特性研究,
  title={水下动能射弹空泡形态及流体动力特性研究},
  author={金大桥},
  year={2010},
  school={哈尔滨: 哈尔滨工业大学}
}
@article{魏卓慧2010experimental,
  title={Experimental investigation of water-entry phenomenon},
  author={魏卓慧 and 王树山 and 马峰 and 吕全洲 and 仲霄},
  journal={Journal of Beijing Institute of Technology},
  volume={2},
  year={2010}
}
@article{周家胜2007水下射弹的空泡形态特性研究,
  title={水下射弹的空泡形态特性研究},
  author={周家胜 and 易文俊 and 王中原 and 宋成俊 and others},
  journal={弹箭与制导学报},
  volume={27},
  number={3},
  pages={132--136},
  year={2007}
}
@article{施红辉2012伴随超空泡产生的高速细长体入水实验研究,
  title={伴随超空泡产生的高速细长体入水实验研究},
  author={施红辉 and 周浩磊 and 吴岩 and 贾会霞 and 张晓萍 and 周素云 and 章利特 and 董若凌 and 王超},
  journal={力学学报},
  volume={44},
  number={1},
  pages={49--55},
  year={2012}
}
@article{honghui2004underwater,
  title={Underwater acoustics and cavitating flow of water entry},
  author={Honghui, Shi and Makoto, Kume},
  journal={Acta Mechanica Sinica},
  volume={20},
  number={4},
  pages={374--382},
  year={2004},
  publisher={Springer}
}
@article{shi2001measurement,
  title={Measurement of the underwater acoustic field in water entry of blunt body},
  author={Shi, HH and Takami, T and Itoh, M},
  journal={Exp Meas Fluid Mech},
  volume={15},
  number={2},
  pages={78--84},
  year={2001}
}
@article{shi2000optical,
  title={Optical observation of the supercavitation induced by high-speed water entry},
  author={Shi, Hong-Hui and Itoh, Motoyuki and Takami, Takuya},
  journal={J. Fluids Eng.},
  volume={122},
  number={4},
  pages={806--810},
  year={2000}
}
@article{李森虎1992超声速平头物体垂直撞水的数值模拟,
  title={超声速平头物体垂直撞水的数值模拟},
  author={李森虎 and 何友声 and 鲁传敬},
  journal={水动力学研究与进展: A 辑},
  volume={7},
  number={1},
  pages={72--78},
  year={1992}
}
@article{叶取源1990用,
  title={用 EL 方法计算圆平头物体垂直入水空泡的面闭合和深闭合},
  author={叶取源},
  journal={应用力学学报},
  volume={7},
  number={4},
  pages={17--24},
  year={1990}
}
@article{叶取源1989锥头物体垂直入水空泡的发展和闭合,
  title={锥头物体垂直入水空泡的发展和闭合},
  author={叶取源},
  journal={水动力学研究与进展: A 辑},
  volume={4},
  number={2},
  pages={33--41},
  year={1989}
}
@article{陈九锡1986用,
  title={用 MAC 方法计算平头物体垂直等速入水空泡},
  author={陈九锡 and 颜开},
  journal={空气动力学学报},
  volume={1},
  year={1986}
}
@phdthesis{张庆明1984回转体垂直入水早期空泡的一个计算方法,
  title={回转体垂直入水早期空泡的一个计算方法},
  author={张庆明 and 陈九锡},
  year={1984}
}
@article{enriquez2012collapse,
  title={Collapse and pinch-off of a non-axisymmetric impact-created air cavity in water},
  author={Enriquez, Oscar R and Peters, Ivo R and Gekle, Stephan and Schmidt, Laura E and Lohse, Detlef and van der Meer, Devaraj},
  journal={Journal of fluid mechanics},
  volume={701},
  pages={40--58},
  year={2012},
  publisher={Cambridge University Press}
}
@article{bodily2014water,
  title={The water entry of slender axisymmetric bodies},
  author={Bodily, Kyle G and Carlson, Stephen J and Truscott, Tadd T},
  journal={Physics of Fluids},
  volume={26},
  number={7},
  pages={072108},
  year={2014},
  publisher={American Institute of Physics}
}
@article{gekle2010supersonic,
  title={Supersonic air flow due to solid-liquid impact},
  author={Gekle, Stephan and Peters, Ivo R and Gordillo, Jos{\'e} Manuel and van der Meer, Devaraj and Lohse, Detlef},
  journal={Physical review letters},
  volume={104},
  number={2},
  pages={024501},
  year={2010},
  publisher={APS}
}
@article{de2009experimental,
  title={Experimental investigation of water impact on axisymmetric bodies},
  author={De Backer, Griet and Vantorre, Marc and Beels, Charlotte and De Pr{\'e}, Jean and Victor, Sam and De Rouck, Julien and Blommaert, Chris and Van Paepegem, Wim},
  journal={Applied Ocean Research},
  volume={31},
  number={3},
  pages={143--156},
  year={2009},
  publisher={Elsevier}
}
@article{truscott2009shallow,
  title={Shallow angle water entry of ballistic projectiles},
  author={Truscott, T and Techet, A and Beal, D},
  year={2009}
}
@article{truscott2012holy,
  title={Holy balls! Balls that walk on water},
  author={Truscott, Tadd T and Wright, Michael M and Langley, Ken R and Belden, Jesse},
  journal={Physics of Fluids},
  volume={24},
  number={9},
  pages={091103},
  year={2012},
  publisher={American Institute of Physics}
}
@article{techet2011water,
  title={Water entry of spinning hydrophobic and hydrophilic spheres},
  author={Techet, AH and Truscott, TT},
  journal={Journal of Fluids and Structures},
  volume={27},
  number={5-6},
  pages={716--726},
  year={2011},
  publisher={Elsevier}
}
@article{truscott2009water,
  title={Water entry of spinning spheres},
  author={Truscott, Tadd T and Techet, Alexandra H},
  journal={Journal of Fluid Mechanics},
  volume={625},
  pages={135--165},
  year={2009},
  publisher={Cambridge University Press}
}
@article{truscott2009spin,
  title={A spin on cavity formation during water entry of hydrophobic and hydrophilic spheres},
  author={Truscott, Tadd T and Techet, Alexandra H},
  journal={Physics of Fluids},
  volume={21},
  number={12},
  pages={121703},
  year={2009},
  publisher={American Institute of Physics}
}
@article{truscott2012unsteady,
  title={Unsteady forces on spheres during free-surface water entry},
  author={Truscott, Tadd T and Epps, Brenden P and Techet, Alexandra H},
  journal={Journal of Fluid Mechanics},
  volume={704},
  pages={173--210},
  year={2012},
  publisher={Cambridge University Press}
}
@article{aristoff2010water,
  title={The water entry of decelerating spheres},
  author={Aristoff, Jeffrey M and Truscott, Tadd T and Techet, Alexandra H and Bush, John WM},
  journal={Physics of fluids},
  volume={22},
  number={3},
  pages={032102},
  year={2010},
  publisher={American Institute of Physics}
}
@book{truscott2009cavity,
  title={Cavity dynamics of water entry for spheres and ballistic projectiles},
  author={Truscott, Tadd Trevor},
  volume={70},
  number={08},
  year={2009}
}
@article{antkowiak2007short,
  title={Short-term dynamics of a density interface following an impact},
  author={Antkowiak, Arnaud and Bremond, Nicolas and Le Dizes, St{\'e}phane and Villermaux, Emmanuel},
  journal={Journal of Fluid Mechanics},
  volume={577},
  pages={241--250},
  year={2007},
  publisher={Cambridge University Press}
}
@article{aristoff2009water,
  title={Water entry of small hydrophobic spheres},
  author={Aristoff, Jeffrey M and Bush, John WM},
  journal={Journal of Fluid Mechanics},
  volume={619},
  pages={45--78},
  year={2009},
  publisher={Cambridge University Press}
}
@article{aristoff2008water,
  title={The water-entry cavity formed by low Bond number impacts},
  author={Aristoff, Jeffrey M and Truscott, Tadd T and Techet, Alexandra H and Bush, John WM},
  journal={Physics of Fluids},
  volume={20},
  number={9},
  pages={091111},
  year={2008},
  publisher={American Institute of Physics}
}
@article{snoeijer2013moving,
  title={Moving contact lines: scales, regimes, and dynamical transitions},
  author={Snoeijer, Jacco H and Andreotti, Bruno},
  journal={Annual review of fluid mechanics},
  volume={45},
  pages={269--292},
  year={2013},
  publisher={Annual Reviews}
}
@article{duez2007making,
  title={Making a splash with water repellency},
  author={Duez, Cyril and Ybert, Christophe and Clanet, Christophe and Bocquet, Lyderic},
  journal={Nature physics},
  volume={3},
  number={3},
  pages={180--183},
  year={2007},
  publisher={Nature Publishing Group}
}
@article{duclaux2007dynamics,
  title={Dynamics of transient cavities},
  author={Duclaux, V and Caill{\'e}, F and Duez, C and Ybert, C and Bocquet, L and Clanet, C},
  journal={Journal of Fluid Mechanics},
  volume={591},
  pages={1--19},
  year={2007},
  publisher={Cambridge University Press}
}
@article{oger2006two,
  title={Two-dimensional SPH simulations of wedge water entries},
  author={Oger, Guillaume and Doring, Mathieu and Alessandrini, Bertrand and Ferrant, Pierre},
  journal={Journal of computational physics},
  volume={213},
  number={2},
  pages={803--822},
  year={2006},
  publisher={Elsevier}
}
@article{gordillo2005axisymmetric,
  title={Axisymmetric bubble pinch-off at high Reynolds numbers},
  author={Gordillo, Jos{\'e} Manuel and Sevilla, Alejandro and Rodr{\'\i}guez-Rodr{\'\i}guez, Javier and Mart{\'\i}nez-Baz{\'a}n, Carlos},
  journal={Physical review letters},
  volume={95},
  number={19},
  pages={194501},
  year={2005},
  publisher={APS}
}
@article{lee1997cavity,
  title={Cavity dynamics in high-speed water entry},
  author={Lee, M and Longoria, RG and Wilson, DE},
  journal={Physics of Fluids},
  volume={9},
  number={3},
  pages={540--550},
  year={1997},
  publisher={American Institute of Physics}
}
@article{gekle2008noncontinuous,
  title={Noncontinuous Froude number scaling for the closure depth of a cylindrical cavity},
  author={Gekle, Stephan and van der Bos, Arjan and Bergmann, Raymond and van der Meer, Devaraj and Lohse, Detlef},
  journal={Physical review letters},
  volume={100},
  number={8},
  pages={084502},
  year={2008},
  publisher={APS}
}
@article{gaudet1998numerical,
  title={Numerical simulation of circular disks entering the free surface of a fluid},
  author={Gaudet, S},
  journal={Physics of Fluids},
  volume={10},
  number={10},
  pages={2489--2499},
  year={1998},
  publisher={American Institute of Physics}
}
@article{glasheen1996vertical,
  title={Vertical water entry of disks at low Froude numbers},
  author={Glasheen, JW and McMahon, TA},
  journal={Physics of Fluids},
  volume={8},
  number={8},
  pages={2078--2083},
  year={1996},
  publisher={American Institute of Physics}
}
@article{glasheen1996hydrodynamic,
  title={A hydrodynamic model of locomotion in the basilisk lizard},
  author={Glasheen, JW and McMahon, TA},
  journal={Nature},
  volume={380},
  number={6572},
  pages={340--342},
  year={1996},
  publisher={Nature Publishing Group}
}
@techreport{may1975water,
  title={Water entry and the cavity-running behavior of missiles},
  author={May, Albert},
  year={1975},
  institution={Navsea Hydroballistics Advisory Committee Silver Spring Md}
}
@article{may1970review,
  title={Review of water-entry theory and data},
  author={May, Albert},
  journal={Journal of Hydronautics},
  volume={4},
  number={4},
  pages={140--142},
  year={1970}
}
@article{logvinovich1972hydrodynamics,
  title={Hydrodynamics of free-boundary flows},
  author={Logvinovich, Georgi Vladimirovich},
  year={1972}
}
@article{abelson1970pressure,
  title={Pressure measurements in the water-entry cavity},
  author={Abelson, HI},
  journal={Journal of Fluid Mechanics},
  volume={44},
  number={1},
  pages={129--144},
  year={1970},
  publisher={Cambridge University Press}
}
@article{may1950virtual,
  title={The virtual mass of a sphere entering water vertically},
  author={May, Albert and Woodhull, Jean C},
  journal={Journal of Applied Physics},
  volume={21},
  number={12},
  pages={1285--1289},
  year={1950},
  publisher={American Institute of Physics}
}
@article{richardson1948impact,
  title={The impact of a solid on a liquid surface},
  author={Richardson, EG},
  journal={Proceedings of the Physical Society (1926-1948)},
  volume={61},
  number={4},
  pages={352},
  year={1948},
  publisher={IOP Publishing}
}
@article{may1948drag,
  title={Drag coefficients of steel spheres entering water vertically},
  author={May, Albert and Woodhull, Jean C},
  journal={Journal of Applied Physics},
  volume={19},
  number={12},
  pages={1109--1121},
  year={1948},
  publisher={American Institute of Physics}
}
@article{gilbarg1948influence,
  title={Influence of atmospheric pressure on the phenomena accompanying the entry of spheres into water},
  author={Gilbarg, David and Anderson, Robert A},
  journal={Journal of Applied Physics},
  volume={19},
  number={2},
  pages={127--139},
  year={1948},
  publisher={American Institute of Physics}
}
@article{maccoll1928aerodynamics,
  title={Aerodynamics of a spinning sphere},
  author={Maccoll, John W},
  journal={The Aeronautical Journal},
  volume={32},
  number={213},
  pages={777--798},
  year={1928},
  publisher={Cambridge University Press}
}
@article{张于维2010二维楔形体砰击载荷研究,
  title={二维楔形体砰击载荷研究},
  author={张于维 and 王志东 and 晋文菊 and 丛文超},
  journal={中国舰船研究},
  volume={5},
  number={3},
  pages={34--37},
  year={2010}
}
@article{张军2003楔形体入水初期流场的数值模拟,
  title={楔形体入水初期流场的数值模拟},
  author={张军 and 张志荣 and 洪方文 and 赵峰},
  journal={船舶力学},
  volume={7},
  number={4},
  pages={28--35},
  year={2003}
}
@inproceedings{lu1998nonlinear,
  title={Nonlinear fluid-structure interaction during two-dimensional water impact},
  author={Lu, C and He, Y},
  booktitle={Proceedings of the 3rd International Conference on Nonlinear Mechanics, Shanghai, China},
  pages={513},
  year={1998}
}
@article{钱勤1994任意的拉格朗日欧拉边界元,
  title={任意的拉格朗日欧拉边界元-有限元混合法分析物体撞水响应},
  author={钱勤 and 黄玉盈 and 王石刚 and 刘志宏 and 赵宇征 and 朱达善},
  journal={固体力学学报},
  volume={15},
  number={1},
  pages={12--18},
  year={1994}
}
@article{郑际嘉1992刚性圆板自由落体在水面上的冲击压力,
  title={刚性圆板自由落体在水面上的冲击压力},
  author={郑际嘉 and 岳亚丁},
  journal={水动力学研究与进展: A 辑},
  volume={7},
  number={2},
  pages={219--226},
  year={1992}
}
@article{gu1991,
  title = {平头旋转壳撞水水弹性效应的研究},
  author = {顾懋祥 and 程贯一 and 张效慈},
  journal = {水动力学研究与进展(A辑)},
  year = {1991},
  pages = {42--51}
}
@article{chen1990,
  title = {平头物体三维带空泡入水的数值模拟},
  author = {陈学农 and 何友声},
  year = {1990},
  journal = {力学学报},
  pages = {129-138}
}
@article{park2003numerical,
  title={Numerical study of impact force and ricochet behavior of high speed water-entry bodies},
  author={Park, Man-Sung and Jung, Young-Rae and Park, Warn-Gyu},
  journal={Computers \& Fluids},
  volume={32},
  number={7},
  pages={939--951},
  year={2003},
  publisher={Elsevier}
}
@article{mei1999water,
  title={On the water impact of general two-dimensional sections},
  author={Mei, Xiaoming and Liu, Yuming and Yue, Dick KP},
  journal={Applied Ocean Research},
  volume={21},
  number={1},
  pages={1--15},
  year={1999},
  publisher={Elsevier}
}
@inproceedings{anghileri1995experimental,
  title={Experimental validation of finite element models for water impacts},
  author={Anghileri, Marco and Spizzica, A},
  booktitle={2nd International KRASH Users' Seminar (IKUS2)},
  pages={1--9},
  year={1995}
}
@article{lin1994water,
  title={Water-entry for a wedge in arbitrary water depth},
  author={Lin, MC and Ho, TY},
  journal={Engineering analysis with boundary elements},
  volume={14},
  number={2},
  pages={179--185},
  year={1994},
  publisher={Elsevier}
}
@article{zhao1993water,
  title={Water entry of two-dimensional bodies},
  author={Zhao, Rong and Faltinsen, Odd},
  journal={Journal of fluid mechanics},
  volume={246},
  pages={593--612},
  year={1993},
  publisher={Cambridge University Press}
}
@article{howison1991incompressible,
  title={Incompressible water-entry problems at small deadrise angles},
  author={Howison, SD and Ockendon, JR and Wilson, SK},
  journal={Journal of Fluid Mechanics},
  volume={222},
  pages={215--230},
  year={1991},
  publisher={Cambridge University Press}
}
@article{miloh1991initial,
  title={On the initial-stage slamming of a rigid sphere in a vertical water entry},
  author={Miloh, Touvia},
  journal={Applied Ocean Research},
  volume={13},
  number={1},
  pages={43--48},
  year={1991},
  publisher={Elsevier}
}
@article{miloh1991oblique,
  title={On the oblique water-entry problem of a rigid sphere},
  author={Miloh, T},
  journal={Journal of Engineering Mathematics},
  volume={25},
  number={1},
  pages={77--92},
  year={1991},
  publisher={Springer}
}
@article{cointe1989two,
  title={Two-dimensional water-solid impact},
  author={Cointe, R},
  year={1989}
}
@article{faltinsen1998water,
  title={Water entry of ship sections and axisymmetric bodies},
  author={Faltinsen, Odd and Zhao, Rong},
  journal={High Speed Body Motion in Water},
  number={827},
  year={1998}
}
@techreport{schnitzer1953estimation,
  title={Estimation of hydrodynamic impact loads and pressure distributions on bodies approximating elliptical cylinders with special reference to water landings of helicopters},
  author={Schnitzer, Emanuel and Hathaway, Melvin E},
  year={1953}
}
@article{trilling1950impact,
  title={The impact of a body on a water surface at an arbitrary angle},
  author={Trilling, Leon},
  journal={Journal of Applied Physics},
  volume={21},
  number={2},
  pages={161--170},
  year={1950},
  publisher={American Institute of Physics}
}
@inproceedings{fabula1957ellipse,
  title={Ellipse-fitting approximation of two-dimensional, normal symmetric impact of rigid bodies on water},
  author={Fabula, Andrew G},
  booktitle={Proceedings of the 5th midwestern conference on fluid mechanics},
  pages={299--315},
  year={1957}
}
@article{bisplinghoff1952some,
  title={Some studies of the impact of vee wedges on a water surface},
  author={Bisplinghoff, RLanddoherty and Doherty, CS},
  journal={Journal of the Franklin Institute},
  volume={253},
  number={6},
  pages={547--561},
  year={1952},
  publisher={Elsevier}
}
@article{monaghan1949theoretical,
  title={A theoretical examination of the effect of deadrise on wetted area and associated mass in seaplane-water impacts},
  author={Monaghan, RJ},
  year={1949}
}
@techreport{pierson1950penetration,
  title={The penetration of a fluid surface by a wedge},
  author={Pierson, John D},
  year={1950},
  institution={STEVENS INST OF TECH HOBOKEN NJ EXPERIMENTAL TOWING TANK}
}
@misc{hillman1946vertical,
  title={Vertical impact on a water surface by a 60 cone},
  author={Hillman, A},
  year={1946},
  publisher={Report submitted by the Mathe-matical Tables Project to the Office of~…}
}
@article{shiffman1951force,
  title={The force of impact on a cone striking a water surface (vertical entry)},
  author={Shiffman, M and Spencer, DC},
  journal={Communications on pure and applied mathematics},
  volume={4},
  number={4},
  pages={379--417},
  year={1951},
  publisher={Wiley Online Library}
}
@techreport{courant1945force,
  title={The force of impact on a sphere striking a water surface},
  author={Courant, R and Shiffman, Max and Spencer, Donald C},
  year={1945},
  institution={NEW YORK UNIV NY COURANT INST OF MATHEMATICAL SCIENCES}
}
@article{shiffman1945force,
  title={The force of impact on a sphere striking a water surface},
  author={Shiffman, N and Spencer, DC},
  year={1945}
}
@article{yu1945virtual,
  title={Virtual masses of rectangular plates and parallelepipeds in water},
  author={Yu, Yee-Tak},
  journal={Journal of Applied Physics},
  volume={16},
  number={11},
  pages={724--729},
  year={1945},
  publisher={American Institute of Physics}
}
@article{sedov1934impact,
  title={The impact of a solid body floating on the surface of an incompressible fluid},
  author={Sedov, L},
  journal={CAHI Report},
  volume={187},
  year={1934}
}
@article{wagner1932phenomena,
  title={Phenomena associated with impacts and sliding on liquid surfaces},
  author={Wagner, Herbert},
  journal={Z. Angew. Math. Mech},
  volume={12},
  number={4},
  pages={193--215},
  year={1932}
}
@article{von1929impact,
  title={The impact on seaplane floats during landing},
  author={Von Karman, Th},
  year={1929},
  publisher={National Advisory Committee on Aeronautics}
}
@article{may1970review,
  title={Review of water-entry theory and data},
  author={May, Albert},
  journal={Journal of Hydronautics},
  volume={4},
  number={4},
  pages={140--142},
  year={1970}
}
@article{hirano1970water,
  title={Water impact accelerations of axially symmetric bodies},
  author={Hirano, Yoichi and Miura, Koryo},
  journal={Journal of spacecraft and rockets},
  volume={7},
  number={6},
  pages={762--764},
  year={1970}
}
@techreport{mcgehee1959water,
  title={Water-landing characteristics of a reentry capsule},
  author={McGehee, John R and Hathaway, Melvin E and Vaughan Jr, Victor L},
  year={1959}
}
@techreport{mcgehee1959water,
  title={Water-landing characteristics of a reentry capsule},
  author={McGehee, John R and Hathaway, Melvin E and Vaughan Jr, Victor L},
  year={1959}
}
@article{chen2009,
  title={自然空泡流数值模拟方法研究},
  author={陈瑛},
  year={2009},
  date={2009-07-01}
}
@techreport{mcgehee1959water,
  title={Water-landing characteristics of a reentry capsule},
  author={McGehee, John R and Hathaway, Melvin E and Vaughan Jr, Victor L},
  year={1959}
}
@article{wagner1932phenomena,
  title={Phenomena associated with impacts and sliding on liquid surfaces},
  author={Wagner, Herbert},
  journal={Z. Angew. Math. Mech},
  volume={12},
  number={4},
  pages={193--215},
  year={1932}
}
@article{von1929impact,
  title={The impact on seaplane floats during landing},
  author={Von Karman, Th},
  year={1929},
  publisher={National Advisory Committee on Aeronautics}
}
@article{Li1997,
  title = {空化和空蚀机理及其影响因素},
  author = {李根生 and 沈晓明 and 施立德 and 陈现华},
  journal = {石油大学学报(自然科学版)},
  year = {1997},
  date = {1997-02-05},
  pages = {99-104+121}
}
@article{Zhang1984,
  title = {回转体垂直入水早期空泡的一个计算方法},
  author = {张庆明 and 陈九锡},
  journal = {水动力学研究与进展},
  year = {1984},
  date = {1984-04-01},
  pages = {102--119}
}
@article{abelson_1970, 
  title={Pressure measurements in the water-entry cavity}, 
  volume={44}, 
  DOI={10.1017/S0022112070001738}, 
  number={1}, 
  journal={Journal of Fluid Mechanics}, 
  publisher={Cambridge University Press}, 
  author={Abelson, H. I.}, 
  year={1970}, 
  pages={129-144}
}
@article{Richardson_1948,
	doi = {10.1088/0959-5309/61/4/308},
	url = {https://doi.org/10.1088/0959-5309/61/4/308},
	year = 1948,
	month = {oct},
	publisher = {{IOP} Publishing},
	volume = {61},
	number = {4},
	pages = {352--367},
	author = {E G Richardson},
	title = {The Impact of a Solid on a Liquid Surface},
	journal = {Proceedings of the Physical Society},
    abstract = {Part I consists of a study of the motion of a solid sphere when it strikes a liquid surface vertically. The shape of the air cavity formed is delineated and explained in terms of potential flow and the resistance experienced by the sphere in this stage is measured. These factors are found to scale on the basis of a Froude parameter. The pressure developed in the cavity is also measured and found to involve reverberations in the cavity of large amplitude.

  In Part II the impact forces on the sphere and other forms of projectile on entry into the liquid are studied and compared with theory. The mechanism and forces involved when a sphere ricochets after entry at oblique angles are also discussed.}
}
@article{zhao_faltinsen_1993,
  title={Water entry of two-dimensional bodies},
  volume={246},
  DOI={10.1017/S002211209300028X},
  journal={Journal of Fluid Mechanics},
  publisher={Cambridge University Press},
  author={Zhao, R. and Faltinsen, O.},
  year={1993},
  pages={593-612}
}
@article{WANG201611,
  title = {Fluid structure interaction modelling of horizontal-axis wind turbine blades based on CFD and FEA},
  journal = {Journal of Wind Engineering and Industrial Aerodynamics},
  volume = {158},
  pages = {11-25},
  year = {2016},
  issn = {0167-6105},
  doi = {https://doi.org/10.1016/j.jweia.2016.09.006},
  url = {https://www.sciencedirect.com/science/article/pii/S0167610515302361},
  author = {Lin Wang and Robin Quant and Athanasios Kolios},
  keywords = {Wind turbine blade, Aeroelasticity, FSI (fluid structure interaction), CFD (computational fluid dynamics), FEA (finite element analysis), WindPACT},
  abstract = {The increasing size and flexibility of large wind turbine blades introduces considerable aeroelastic effects, which are caused by FSI (fluid structure interaction). These effects might result in aeroelastic instability problems, such as edgewise instability and flutter, which can be devastating to the blades and the wind turbine. Therefore, accurate FSI modelling of wind turbine blades is crucial in the development of large wind turbines. In this study, an FSI model for wind turbine blades at full scale is established. The aerodynamic loads are calculated using a CFD (computational fluid dynamics) model implemented in ANSYS FLUENT, and the blade structural responses are determined using a FEA (finite element analysis) model implemented in ANSYS Static Structural module. The interface of CFD and FEA is based on a one-way coupling, in which aerodynamic loads calculated from CFD modelling are mapped to FEA modelling as load boundary conditions. Validated by a series of benchmark computational tests, the one-way FSI model was applied to the modelling of WindPACT 1.5MW wind turbine blade, a representative large-scale horizontal-axis wind turbine blade. Five operational conditions are assessed, with the worst case found to be near the rated wind speed. Maximum tensile/compressive stresses and tip deflections in each case are found to be within material and structural limits, according to relevant design standards.}
}

@article{truscott2014water,
  title={Water entry of projectiles},
  author={Truscott, Tadd T and Epps, Brenden P and Belden, Jesse},
  journal={Annual review of fluid mechanics},
  volume={46},
  pages={355--378},
  year={2014},
  publisher={Annual Reviews}
}
@book{young1999cavitation,
  title={Cavitation},
  author={Young, F Ronald},
  year={1999},
  publisher={World Scientific}
}
@article{HIRT1981,
  title = {Volume of fluid (VOF) method for the dynamics of free boundaries},
  journal = {Journal of Computational Physics},
  volume = {39},
  number = {1},
  pages = {201-225},
  year = {1981},
  issn = {0021-9991},
  doi = {https://doi.org/10.1016/0021-9991(81)90145-5},
  url = {https://www.sciencedirect.com/science/article/pii/0021999181901455},
  author = {C.W Hirt and B.D Nichols},
  abstract = {Several methods have been previously used to approximate free boundaries in finite-difference numerical simulations. A simple, but powerful, method is described that is based on the concept of a fractional volume of fluid (VOF). This method is shown to be more flexible and efficient than other methods for treating complicated free boundary configurations. To illustrate the method, a description is given for an incompressible hydrodynamics code, SOLA-VOF, that uses the VOF technique to track free fluid surfaces.}
}
@article{Li2013,
  title = {数值波流水池构造方法研究},
  author = {秦楠 and 鲁传敬 and 李杰},
  journal = {水动力学研究与进展A辑},
  year = {2013},
  date = {2013-05-30},
  volume = {28},
  pages = {349--356}
}
@article{Wang2005,
  title = {海堤越浪的数值模拟},
  author = {周勤俊 and 王本龙 and 兰雅梅 and 刘桦},
  journal = {力学季刊},
  year = {2005},
  date = {2005-12-30},
  pages = {629--633},
  url = {https://kns.cnki.net/kcms/detail/detail.aspx?FileName=SHLX200504019&DbName=CJFQ2005}
}

@article{Peric2015,
  author = {Peric, Robinson and Abdel-Maksoud, Moustafa},
  year = {2015},
  month = {05},
  pages = {},
  title = {Reliable Damping of Free Surface Waves in Numerical Simulations},
  volume = {63},
  journal = {Ship Technology Research},
  doi = {10.1080/09377255.2015.1119921}
}

@book{Zou2005,
  author = {邹志利},
  title = {水波理论及其应用},
  publisher = {科学出版社},
  address = {北京},
  year = {2005}
}
@inbook{Xia1987,
  title = {辞海-军事分册},
  author = {夏征农},
  address = {上海},
  publisher = {上海辞书出版社},
  year = {1987}
}
@artical{Kliafas1987,
  title = {LDV measurements of a turbulent air-solid two-phase flow in a 90° bend},
  author = {Kliafas, Y. and Holt, M.},
  year = {1987},
  date = {1987-03-01},
  journal = {Experiments in Fluids},
  pages = {73--85},
  volume = {5},
  issue = {2},
  issn = {1432-1114},
  url = {https://doi.org/10.1007/BF00776177},
  doi = {10.1007/BF00776177}
}

@book{Yu2001,
  author    = {余敏},
  title     = {出版集团研究},
  publisher = {中国书籍出版社},
  address   = {北京},
  year      = {2001},
  pages     = {179--193}
}

@inbook{Cheng1999,
  author    = {程根伟},
  title     = {1998年长江洪水的成因与减灾对策},
  booktitle = {长江流域洪涝灾害与科技对策},
  editor    = {许厚泽 and 赵其国},
  publisher = {科学出版社},
  address   = {北京},
  year      = {1999},
  pages     = {32--36}
}

@periodical{LSC1957,
  author    = {中国图书馆学会},
  title     = {图书馆学通讯},
  publisher = {北京图书馆},
  address   = {北京},
  year      = {1957/1990},
  number    = {1-4}
}

@article{Li1999,
  author  = {李晓东 and 张庆红 and 叶瑾琳},
  title   = {气候学研究的若干理论问题},
  journal = {北京大学学报: 自然科学版},
  year    = {1999},
  volume  = {35},
  number  = {1},
  pages   = {101--106}
}

@patent{Jiang1989,
  author = {姜锡洲},
  title  = {一种温热外敷药制备方案},
  number = {中国, 88105607.3},
  date   = {1989-07-26}
}

@online{Hopkinson1999,
  author  = {Hopkinson, A},
  title   = {{UNIMARC} and metadata: Dublin core},
  url     = {http://www.ifla.org/IV/ifla64/138-161e.htm},
  urldate = {1999-12-08}
}

@book{Jiang1998,
  author    = {蒋有绪 and 郭泉水 and 马娟 and others},
  title     = {中国森林群落分类及其群落学特征},
  publisher = {科学出版社},
  address   = {北京},
  year      = {1998},
  pages     = {11--12}
}

@proceedings{CSTAM1990,
  editor    = {中国力学学会},
  title     = {第 3 届全国实验流体力学学术会议论文集},
  publisher = {天津大学出版社},
  address   = {天津},
  year      = {1990},
  pages     = {20--24}
}

@report{WHO1970,
  author      = {{World Health Organization}},
  title       = {Factors regulating the immune response: report of {WHO} Scientific Group},
  institution = {WHO},
  location    = {Geneva},
  year        = {1970}
}

@phdthesis{Zhang1998,
  author      = {张志祥},
  title       = {间断动力系统的随机扰动及其在守恒律方程中的应用},
  institution = {北京大学数学学院},
  address     = {北京},
  year        = {1998},
  pages       = {50--55}
}

@patent{HBLZ2001,
  author  = {河北绿洲生态环境科技有限公司},
  title   = {一种荒漠化地区生态植被综合培育种植方法},
  date    = {2001-10-24},
  number  = {中国, 01129210.5},
  url     = {http://211.152.9.47/sipoasp/zlijs/hyjs-yx-new.asp?recid=01129210.5&leixin},
  urldate = {2002-05-28}
}

@standard{GBT2659,
  author     = {国家标准局信息分类编码研究所},
  title      = {GB/T 2659-1986 世界各国和地区名称代码},
  bookauthor = {全国文献工作标准化技术委员会},
  booktitle  = {文献工作国家标准汇编: 3},
  publisher  = {中国标准出版社},
  address    = {北京},
  year       = {1988},
  pages      = {59--92}
}

@article{Li2000,
  author  = {李炳穆},
  title   = {理想的图书管理员和信息专家的素养与形象},
  journal = {图书情报工作},
  year    = {2000},
  number  = {2},
  pages   = {5--8}
}

@article{Ding2000,
  author  = {丁文祥},
  title   = {数字革命与竞争国际化},
  journal = {中国青年报},
  date    = {2000-11-20},
  number  = {15},
  note    = {news}
}

@article{Jiang1999,
  author  = {江向东},
  title   = {互联网环境下的信息处理与图书管理系统解决方案},
  journal = {情报学报},
  year    = {1999},
  volume  = {18},
  number  = {2},
  pages   = {4},
  url     = {http://www.chinainfo.gov.cn/periodical/qbxb/qbxb99/qbxb990203},
  urldate = {2000-01-18}
}


@article{Christine1998,
  author  = {Mlot Christine},
  title   = {Plant physiology: plant biology in the Genome Era},
  journal = {Science},
  year    = {1998},
  volume  = {281},
  pages   = {331--332},
  url     = {http://www.sciencemag.org/cgi/collection/anatmorp},
  urldate = {1998-09-23}
}

@online{Xiao2001,
  author  = {萧钰},
  title   = {出版业信息化迈人快车道},
  date    = {2001-12-19},
  url     = {http://www.creader.com/news/20011219/200112190019.html},
  urldate = {2002-04-15}
}

@article{Yang1999,
  author  = {杨瑞林 and 李力军 and 李玉成},
  title   = {新型低合金高强韧性耐磨钢的研究},
  journal = {钢铁},
  year    = {1999},
  volume  = {34},
  number  = {7},
  pages   = {41--45}
}

@article{Schinstock2000,
  author  = {Schinstock, D.E. and Cuttino, J.F.},
  title   = {Real time kinematic solutions of a non-contacting, three dimensional metrology frame},
  journal = {Precision Engineering},
  year    = {2000},
  volume  = {24},
  number  = {1},
  pages   = {70--76}
}

@book{Wen1990,
  author    = {温诗铸},
  title     = {摩擦学原理},
  publisher = {清华大学出版社},
  address   = {北京},
  year      = {1990},
  pages     = {296--300}
}

@standard{GBT16159,
  author    = {国家技术监督局},
  title     = {GB/T 16159-1996 汉语拼音正词法基本规则},
  publisher = {中国标准出版社},
  address   = {北京},
  year      = {1996}
}

@article{He1999,
  author  = {何闻},
  title   = {标准动态力发生装置国内外研究现状},
  journal = {机电工程},
  year    = {1999},
  number  = {2},
  pages   = {47--49}
}
